<?xml version="1.0" encoding="UTF-8"?><record xmlns="http://www.loc.gov/MARC21/slim" xmlns:cinclude="http://apache.org/cocoon/include/1.0" xmlns:zs="http://www.loc.gov/zing/srw/">
  <leader>00549cz  a2200145n  4500</leader>
  <controlfield tag="001">n  86076769 </controlfield>
  <controlfield tag="003">DLC</controlfield>
  <controlfield tag="005">20130313090947.0</controlfield>
  <controlfield tag="008">890905n| azannaab           |b ana     c</controlfield>
  <datafield tag="010" ind1=" " ind2=" ">
    <subfield code="a">n  86076769 </subfield>
  </datafield>
  <datafield tag="040" ind1=" " ind2=" ">
    <subfield code="a">N</subfield>
    <subfield code="b">eng</subfield>
    <subfield code="e">rda</subfield>
    <subfield code="c">DLC</subfield>
    <subfield code="d">DLC</subfield>
  </datafield>
  <datafield tag="110" ind1="2" ind2=" ">
    <subfield code="a">Buffalo Youth Board.</subfield>
    <subfield code="b">Research Department</subfield>
  </datafield>
  <datafield tag="410" ind1="2" ind2=" ">
    <subfield code="w">nnea</subfield>
    <subfield code="a">Buffalo Youth Board.</subfield>
    <subfield code="b">Research Dept.</subfield>
  </datafield>
  <datafield tag="510" ind1="2" ind2=" ">
    <subfield code="w">r</subfield>
    <subfield code="i">Hierarchical superior:</subfield>
    <subfield code="a">Buffalo Youth Board</subfield>
  </datafield>
  <datafield tag="670" ind1=" " ind2=" ">
    <subfield code="a">Survey of 16-18 year old offenders who appeared in Youth Court during the year ... 1967:</subfield>
    <subfield code="b">t.p. (Buffalo Youth Board Research Department)</subfield>
  </datafield>
</record>